@misc{iso7810,
    title = {ISO/IEC 7810:2003, Identification cards -- Physical characteristics},
    year = {2013},
    howpublished ={\url{http://www.iso.org/iso/catalogue_detail?csnumber=31432}},
    note = {Last visited: 18.11.2015}
    }

@misc{iso7816,
    title = {ISO/IEC 7816:1-2011, Identification cards -- Integrated circuit cards -- Part 1: Cards with contacts -- Physical characteristics},
    year = {2011},
    howpublished ={\url{http://www.iso.org/iso/home/store/catalogue_ics/catalogue_detail_ics.htm?csnumber=54089}},
    note = {Last visited: 18.11.2015}
    }

@online{javacardapplet,
    title = {Writing a Java Card Applet - About Java Card Technology},
    year = {2001},
    url = {http://www.oracle.com/technetwork/java/embedded/javacard/documentation/intro-139322.html#whatjavac},
    note = {Last visited: 18.11.2015}
    }

@online{javacard305,
    title = {Java Card Platform, Classic Edition 3.0.5},
    year = {2015},
    url = {https://docs.oracle.com/javacard/3.0.5/index.html},
    note = {Last visited: 19.11.2015}
    }

@online{javacardlimits,
    title = {An Introduction to Java Card Technology - Part 1},
    year = {2003},
    url = {http://www.oracle.com/technetwork/java/javacard/javacard1-139251.html},
    note = {Last visited: 19.11.2015}
    }

@online{javacardinstall,
    title = {Writing a Java Card Applet - Installing the Applet},
    year = {2001},
    url = {http://www.oracle.com/technetwork/java/embedded/javacard/documentation/intro-139322.html#cinst},
    note = {Last visited: 19.11.2015}
    }

@online{javacardprocess,
    title = {Writing a Java Card Applet - Processing Requests},
    year = {2001},
    url = {http://www.oracle.com/technetwork/java/embedded/javacard/documentation/intro-139322.html#proreq},
    note = {Last visited: 19.11.2015}
    }

@online{multos,
    title = {MULTOS Smart Card Operating System, cardwerk.com},
    year = {2015},
    url = {http://www.cardwerk.com/smartcards/MULTOS/},
    note = {Last visited: 24.02.2016}
    }

@online{smartcardlibraries,
    title = {Smart Card SDK, development libraries},
    year = {unknown},
    url = {http://www.cryptware.com/smart-card-sdk.aspx},
    note = {Last visited: 24.02.2016}
    }

@online{eclipseJCDE,
    title = {EclipseJCDE, Sourceforge.net},
    year = {2008},
    url = {http://eclipse-jcde.sourceforge.net/},
    note = {Last visited: 18.01.2016}
    }

@online{androidIDE,
    title = {Android Studio Overview},
    year = {2015},
    url = {http://developer.android.com/tools/studio/index.html},
    note = {Last visited: 21.01.2016}
    }

@online{intelliJIDEA,
    title = {IntelliJ IDEA},
    year = {2016},
    url = {https://www.jetbrains.com/idea/},
    note = {Last visited: 21.01.2016}
    }

@online{GemaltoIDGo800,
    title = {IDGo 800 Middleware and SDK for Mobile Devices},
    year = {2016},
    url = {http://www.gemalto.com/products/idgo_800/index.html},
    note = {Last visited: 21.01.2016}
    }

@online{globalplatform,
    title = {GlobalPlatformPro, Github.com},
    year = {2008},
    url = {https://github.com/martinpaljak/GlobalPlatformPro},
    note = {Last visited: 18.01.2016}
    }

@online{pyapdutool,
    title = {pyApduTool User Guide},
    year = {2015},
    url = {http://javacardos.com/javacardforum/viewtopic.php?t=38},
    note = {Last visited: 18.01.2016}
    }

@online{google,
    title = {About Google},
    year = {2016},
    url = {http://www.google.com/about/},
    note = {Last visited: 13.01.2016}
    }

@online{androidMarketShare,
    title = {Smartphone OS Market Share, 2015 Q2},
    year = {2015},
    url = {http://www.idc.com/prodserv/smartphone-os-market-share.jsp},
    note = {Last visited: 13.01.2016}
    }

@online{androidNFC,
    title = {Android NFC},
    year = {2015},
    url = {http://developer.android.com/guide/topics/connectivity/nfc/index.html},
    note = {Last visited: 13.01.2016}
    }

@online{androidNFCminSDK,
    title = {Android NFC, Requesting NFC Access in the Android Manifest},
    year = {2015},
    url = {http://developer.android.com/guide/topics/connectivity/nfc/nfc.html#manifest},
    note = {Last visited: 13.01.2016}
    }

@online{shaRFC,
    title = {RFC4634, US Secure Hash Algorithms (SHA and HMAC-SHA)},
    year = {2006},
    url = {https://tools.ietf.org/html/rfc4634},
    note = {Last visited: 15.01.2016}
    }

@online{sonym2,
    title = {Sony Xperia M2 Aqua, GSMARENA},
    year = {2014},
    url = {http://www.gsmarena.com/sony_xperia_m2_aqua-6582.php},
    note = {Last visited: 18.01.2016}
    }

@online{iso7816-4,
    title = {ISO 7816 Part 4: Interindustry Commands for Interchange},
    year = {2015},
    url = {http://www.cardwerk.com/smartcards/smartcard_standard_ISO7816-4.aspx},
    note = {Last visited: 19.01.2016}
    }

@online{rfc793,
    title = {Transmission Control Protocol, rfc793},
    year = {1981},
    url = {http://tools.ietf.org/html/rfc793},
    note = {Last visited: 03.02.2016}
    }

@online{tlsOWASP,
    title = {Benefits of TLS, OWASP},
    year = {2016},
    url = {https://www.owasp.org/index.php/Transport_Layer_Protection_Cheat_Sheet#Benefits},
    note = {Last visited: 03.02.2016}
    }

@online{googlePlaySecureDist,
    title = {Protect against harmful apps, Google Play},
    year = {2016},
    url = {https://support.google.com/accounts/answer/2812853?hl=en},
    note = {Last visited: 08.02.2016}
    }

@online{googleSafetynet,
    title = {SafetyNet: Google's tamper detection. },
    year = {2015},
    url = {https://koz.io/inside-safetynet/},
    note = {Last visited: 08.02.2016}
    }

@online{exchangePolicies,
    title = {Android support for Microsoft Exchange in pure Google devices},
    year = {2013},
    url = {https://static.googleusercontent.com/media/www.google.com/no//help/hc/images/android/MicrosoftExchangePoliciesinAndroid.pdf},
    note = {Last visited: 10.02.2016}
    }

@online{exchangePoliciesTech,
    title = {Exchange ActiveSync - Overview},
    year = {2015},
    url = {https://technet.microsoft.com/en-us/library/aa998357(v=exchg.150).aspx#overview},
    note = {Last visited: 10.02.2016}
    }

@online{cheetahSec,
    title = {2015 Cheetah Mobile Security Report},
    year = {2016},
    url = {http://www.cmcm.com/article/share/2016-01-13/919.html},
    note = {Last visited: 15.02.2016}
    }

@online{commoncriteria,
    title = {The Common Criteria},
    year = {2016},
    url = {http://www.commoncriteriaportal.org/},
    note = {Last visited: 15.02.2016}
    }

@online{gemaltoidgo8030,
    title = {IDCore 8030 MicroSD card, Datasheet},
    year = {2015},
    url = {http://www.gemalto.com/products/top_javacard/download/IDCore8030_Datasheet.pdf},
    note = {Last visited: 16.02.2016}
    }

@online{knownplaintextattack,
    title = {Tech-FAQ, Known Plaintext Attack},
    year = {2015},
    url = {http://www.tech-faq.com/known-plaintext-attack.html},
    note = {Last visited: 24.02.2016}
    }

@online{cardProcessing,
    title = {Smart Card Technology, The micromodule. CardWerk.},
    year = {2015},
    url = {http://www.cardwerk.com/smartcards/smartcard_technology.aspx},
    note = {Last visited: 04.03.2016}
    }

@online{schlumberger,
    title = {Schlumberger Limited homepage},
    year = {2016},
    url = {http://www.slb.com/},
    note = {Last visited: 05.03.2016}
    }

@online{javacardCipher,
    title = {Javacard documentation - Cipher class},
    year = {2005},
    url = {http://www.win.tue.nl/pinpasjc/docs/apis/jc222/javacardx/crypto/Cipher.html},
    note = {Last visited: 09.03.2016}
    }

@online{javacardCipherFail,
    title = {Securing Java Card applications, Part 2. Limits of Java Card cryptography},
    year = {2005},
    url = {http://www.ibm.com/developerworks/wireless/library/wi-satsa2/tmp0002.html#IDAN1V3C},
    note = {Last visited: 09.03.2016}
    }

@online{sunMicroSystems,
    title = {Orgacle and Sun Microsystems},
    year = {2016},
    url = {https://www.oracle.com/sun/index.html?PHPSESSID=8fd76773d26875481e097a4a27c7a6a1},
    note = {Last visited: 05.03.2016}
    }

@online{ownerpin,
    title = {Class OwnerPIN - Javacard documentation},
    year = {2005},
    url = {http://www.win.tue.nl/pinpasjc/docs/apis/jc222/javacard/framework/OwnerPIN.html},
    note = {Last visited: 28.03.2016}
    }

@online{javacardgarbage,
    title = {Object Deletion Mechanism - Java Card},
    year = {2006},
    url = {http://askra.de/software/jcdocs/app-notes-2.2.2/garbagecoll.html},
    note = {Last visited: 31.03.2016}
    }

@online{javagarbage,
    title = {Java Garbage Collection Basics - Oracle, Michael J. Williams},
    year = {Unknown},
    url = {http://www.oracle.com/webfolder/technetwork/tutorials/obe/java/gc01/index.html},
    note = {Last visited: 31.03.2016}
    }

@online{signingtrouble1,
    title = {Java Garbage Collection Basics - Oracle, Michael J. Williams},
    year = {Unknown},
    url = {http://www.oracle.com/webfolder/technetwork/tutorials/obe/java/gc01/index.html},
    note = {Last visited: 31.03.2016}
}

@online{signingtrouble2,
    title = {Yubico Forum - Slow RSA-2048 encryption/signing},
    year = {2013},
    url = {http://forum.yubico.com/viewtopic.php?f=26&t=1207},
    note = {Last visited: 06.04.2016}
}
